
@article{prayogo_perancangan_2018,
	title = {{PERANCANGAN} {ROBOT} {BERKAKI} 4 ({QUADRUPED}) {DENGAN} {STABILIZATION} {ALGORITHM} {PADA} {UNEVEN} {FLOOR} {MENGGUNAKAN} 6-{DOF} {IMU} {BERBASIS} {INVERS} {KINEMATIC}},
	volume = {7},
	copyright = {Copyright  2019 TRANSIENT},
	issn = {2685-0206},
	url = {https://ejournal3.undip.ac.id/index.php/transient/article/view/23362},
	doi = {10.14710/transient.v7i2.543-551},
	abstract = {Teknologi robotika selalu mengalami perkembangan dengan sangat cepat. salah satunya teknologi robot bekaki 4 (Quadruped). Salah satu jenis robot itu adalah robot bekaki 4 (Quadruped). Permasalahan yang sering timbul pada robot berkaki 4 ini adalah ketika dihadapkan pada permukaan yang tidak rata (uneven floor). Ini akan mengakibatkan pergerakan robot terhambat dikarenakan titik beban robot yang tidak seimbang. Pada penelitian ini dilakukan perancangan dan pembuatan algoritma stabilisasi (Stabilization Algorithm) robot quadruped pada uneven floor dengan sensor 6 DOF IMU MPU 6050 berbasis invers kinematic. Sensor MPU 6050  terbagi atas sensor accelerometer dan gyroscope. Sensor ini akan memberikan masukan sudut kemiringan robot sehingga akan diolah dalam stabilization algorithm yang menggunakan kontrol proportional untuk dapat mempertahankan body robot tetap datar pada uneven floor. Robot quadruped bergerak dengan menggunakan metode inverse kinematics dengan mengikuti koordinat yang diberikan. Metode inverse kinematics membantu menemukan nilai sudut yang menggerakkan servo melalui koordinat akhir. Hasil pengujian menunjukkan bahwa robot quadruped dengan menggunakan stabilization algorithm dapat meningkatkan kestabilan sudut pitch sebesar 75,58 \% dan kestabilan sudut roll sebesar 71,15 \%.},
	language = {en},
	number = {2},
	urldate = {2022-06-29},
	journal = {Transient: Jurnal Ilmiah Teknik Elektro},
	author = {Prayogo, Rofiq Cahyo and Triwiyatno, Aris and Sumardi, Sumardi},
	month = jun,
	year = {2018},
	note = {Number: 2
Publisher: Universitas Diponegoro},
	pages = {543--551},
	file = {Full Text PDF:C\:\\Users\\User\\Zotero\\storage\\ISTMCP62\\Prayogo et al. - 2018 - PERANCANGAN ROBOT BERKAKI 4 (QUADRUPED) DENGAN STA.pdf:application/pdf;Snapshot:C\:\\Users\\User\\Zotero\\storage\\9ZE6XKIL\\23362.html:text/html},
}

@article{audy_analisis_2022,
	title = {Analisis {Kualitas} {Jagung} {Berbasis} {IoT} dengan {Penerapan} {Model} {SSD} {Mobilenet} dan {Histogram}},
	volume = {11},
	copyright = {Copyright (c) 2022 Jurnal Nasional Teknik Elektro dan Teknologi Informasi},
	issn = {2460-5719},
	url = {https://jurnal.ugm.ac.id/v3/JNTETI/article/view/3434},
	doi = {10.22146/jnteti.v11i2.3434},
	abstract = {Corn is one of the main comestibles in our society. In these last few years, the production of comestible in Indonesia has decreased, including corn. For this reason, besides increasing the production of corn, it is necessary to research corn quality so that corn has a competitive advantage. The research aims to monitor the corn’s growth and classify the corn’s quality. The research was divided into two aspects: the aspect of good corn growth, with the internet of things (IoT) monitoring, and the classification of the corn quality based on the RGB intensity pattern of digital and TensorFlow using SSD Mobilenet models. On the corn growth, the research observed temperature, humidity, and plant distance based on two kinds of corn plant diseases (blight leaf and rotten knob), using a microcontroller (Arduino Uno), DHT11 sensor, VL53L0X sensor, and ESP8266 for accessing data to a website. The quality of corn was classified into three groups, namely rotten, moldy, and normal. The classification was carried out using Python programming on Raspberry Pi with open-source library TensorFlow using SSD Mobilenet models (as the primary option for classifying the quality of corn) and Delphi 7 on a computer (as an additional option). The number of samples used was 180 sample corn seeds tested ten times for each type of quality. The results showed that the recognition of normal corn quality was nine times correct, moldy corn quality was seven times correct, and rotten corn quality was six times correct with an accuracy rate of 73.3\%.},
	language = {id},
	number = {2},
	urldate = {2022-06-28},
	journal = {Jurnal Nasional Teknik Elektro dan Teknologi Informasi},
	author = {Audy and Zaini},
	month = may,
	year = {2022},
	note = {Number: 2},
	keywords = {Arduino Uno, DHT11, ESP8266, RGB, SSD Mobilenet Models, VL53L0X},
	pages = {79--87},
	file = {Full Text PDF:C\:\\Users\\User\\Zotero\\storage\\ZT7RDEG9\\Audy and Zaini - 2022 - Analisis Kualitas Jagung Berbasis IoT dengan Pener.pdf:application/pdf},
}

@article{dewi_study_2021,
	title = {Study case ratio gear of stepper motor on electronic throttle using {PID} control},
	volume = {2},
	issn = {2716-2265, 2716-2257},
	url = {https://journal.uny.ac.id/index.php/jeatech/article/view/39413},
	doi = {10.21831/jeatech.v2i1.39413},
	abstract = {The throttle is a component that determines the amount of airflow into the combustion chamber. The latest in-vehicle technology makes it possible to adjust the fly valve electronically. The electronic system adjusts the angle size by comparing the predetermined setpoints. In research, electronic system designs are based on existing models. The throttle model uses a stepper motor drive. Electronic control using a microcontroller with proportional-integral-derivative (PID) control. While the setpoint is based on a reference from the throttle position sensor (TPS) sensor. The greater the throttle reference value, the greater the angle opening of the butterfly valve. The results of this study obtained a simulation model of electronic throttle control from gear ratios of 1: 1, 5: 1, and 10: 1 for conventional vehicles.},
	number = {1},
	urldate = {2022-06-28},
	journal = {Journal of Engineering and Applied Technology},
	author = {Dewi, Ayu Sandra and Arifin, Zainal and Adiyasa, I Wayan},
	month = apr,
	year = {2021},
	file = {Full Text:C\:\\Users\\User\\Zotero\\storage\\UYWW3LP2\\Dewi et al. - 2021 - Study case ratio gear of stepper motor on electron.pdf:application/pdf},
}

@article{gautam_autonomous_2022,
	title = {Autonomous {Quadcopter} {Landing} on a {Moving} {Target}},
	volume = {22},
	copyright = {http://creativecommons.org/licenses/by/3.0/},
	issn = {1424-8220},
	url = {https://www.mdpi.com/1424-8220/22/3/1116},
	doi = {10.3390/s22031116},
	abstract = {Autonomous landing on a moving target is challenging because of external disturbances and localization errors. In this paper, we present a vision-based guidance technique with a log polynomial closing velocity controller to achieve faster and more accurate landing as compared to that of the traditional vertical landing approaches. The vision system uses a combination of color segmentation and AprilTags to detect the landing pad. No prior information about the landing target is needed. The guidance is based on pure pursuit guidance law. The convergence of the closing velocity controller is shown, and we test the efficacy of the proposed approach through simulations and field experiments. The landing target during the field experiments was manually dragged with a maximum speed of 0.6 m/s. In the simulations, the maximum target speed of the ground vehicle was 3 m/s. We conducted a total of 27 field experiment runs for landing on a moving target and achieved a successful landing in 22 cases. The maximum error magnitude for successful landing was recorded to be 35 cm from the landing target center. For the failure cases, the maximum distance of vehicle landing position from target boundary was 60 cm.},
	language = {en},
	number = {3},
	urldate = {2022-06-22},
	journal = {Sensors},
	author = {Gautam, Alvika and Singh, Mandeep and Sujit, Pedda Baliyarasimhuni and Saripalli, Srikanth},
	month = jan,
	year = {2022},
	note = {Number: 3
Publisher: Multidisciplinary Digital Publishing Institute},
	keywords = {guidance, landing, UAV, vision},
	pages = {1116},
	file = {Full Text PDF:C\:\\Users\\User\\Zotero\\storage\\ZC7PSN39\\Gautam et al. - 2022 - Autonomous Quadcopter Landing on a Moving Target.pdf:application/pdf;Snapshot:C\:\\Users\\User\\Zotero\\storage\\K4IG736K\\1116.html:text/html},
}

@article{patruno_vision-based_2019,
	title = {A {Vision}-{Based} {Approach} for {Unmanned} {Aerial} {Vehicle} {Landing}},
	volume = {95},
	issn = {0921-0296, 1573-0409},
	url = {http://link.springer.com/10.1007/s10846-018-0933-2},
	doi = {10.1007/s10846-018-0933-2},
	language = {en},
	number = {2},
	urldate = {2022-06-22},
	journal = {Journal of Intelligent \& Robotic Systems},
	author = {Patruno, C. and Nitti, M. and Petitti, A. and Stella, E. and D’Orazio, T.},
	month = aug,
	year = {2019},
	pages = {645--664},
}

@misc{saavedra-ruiz_monocular_2021,
	title = {Monocular visual autonomous landing system for quadcopter drones using software in the loop},
	url = {http://arxiv.org/abs/2108.06616},
	doi = {10.48550/arXiv.2108.06616},
	abstract = {Autonomous landing is a capability that is essential to achieve the full potential of multi-rotor drones in many social and industrial applications. The implementation and testing of this capability on physical platforms is risky and resource-intensive; hence, in order to ensure both a sound design process and a safe deployment, simulations are required before implementing a physical prototype. This paper presents the development of a monocular visual system, using a software-in-the-loop methodology, that autonomously and efficiently lands a quadcopter drone on a predefined landing pad, thus reducing the risks of the physical testing stage. In addition to ensuring that the autonomous landing system as a whole fulfils the design requirements using a Gazebo-based simulation, our approach provides a tool for safe parameter tuning and design testing prior to physical implementation. Finally, the proposed monocular vision-only approach to landing pad tracking made it possible to effectively implement the system in an F450 quadcopter drone with the standard computational capabilities of an Odroid XU4 embedded processor.},
	urldate = {2022-06-22},
	publisher = {arXiv},
	author = {Saavedra-Ruiz, Miguel and Pinto-Vargas, Ana Mario and Romero-Cano, Victor},
	month = aug,
	year = {2021},
	note = {Number: arXiv:2108.06616
arXiv:2108.06616 [cs]},
	keywords = {Computer Science - Computer Vision and Pattern Recognition, Computer Science - Robotics},
	annote = {Comment: IEEE aerospace and electronic systems},
	file = {arXiv Fulltext PDF:C\:\\Users\\User\\Zotero\\storage\\DU6PFLH9\\Saavedra-Ruiz et al. - 2021 - Monocular visual autonomous landing system for qua.pdf:application/pdf;arXiv.org Snapshot:C\:\\Users\\User\\Zotero\\storage\\NPBS7TH4\\2108.html:text/html},
}

@article{subrata_automatic_2017,
	title = {Automatic {Landing} {And} {Waypoint} {System} {Berbasis} {Kombinasi} {GPS} dan {Mesin} {Visi} untuk {Multirotor} pada {Kontes} {Robot} {Terbang} {Indonesia} {Divisi} {Vertical} {Take} {Off} {Landing}},
	volume = {2},
	copyright = {Copyright (c) 2018 Universitas Ahmad Dahlan},
	issn = {2338-3070},
	url = {http://journal.uad.ac.id/index.php/JITEKI/article/view/4896},
	doi = {10.26555/jiteki.v2i2.4896},
	abstract = {Quadcopter  adalah salah satu tipe  multimotor  (robot terbang) yang menggunakan 4 buah motor sebagai penggerak utamanya. Pada tahun 2015, Universitas Ahmad Dahlan mengikuti Kontes Robot Terbang Indonesia divisi  Vertical Take Off Landing . Dalam lomba ini robot melaksanakan misi memadamkan api yang diletakkan di atas lampu halogen yang dinyalakan pada arena tertentu secara  full autonomous  menggunakan aktifasi 1 tombol dari remot kontrol. Karena robot menggunakan GPS pada saat melakukan navigasi  waypoint  dan  landing , maka posisi robot saat bernavigasi mendekati titik api dan  landing  tidak tepat atau melenceng beberapa sentimeter dari titik yang dituju disebabkan toleransi jarak yang dimiliki oleh GPS itu sendiri. Misi ini dilakukan dengan sistem visi yang mana citra diambil dari cahaya lampu halogen dan  landmark home  untuk mengurangi penggunaan GPS secara penuh. Pemrosesan citra tersebut dilakukan oleh Odroid-XU3 sebagai  companion computer  dan pergerakan navigasi robot dilakukan oleh Pixhawk sebagai  flight controller . Perintah dari Odroid-XU3 dikirim secara serial melalui pin  telemetry  2 yang terdapat pada Pixhawk. Pengujian ini dilakukan untuk mengetahui hasil perbandingan navigasi berbasis GPS secara penuh dengan navigasi berbasis kombinasi GPS dan mesin visi. Dari hasil pengujian ketahanan dalam kesalahan deteksi cahaya lampu halogen dan deteksi  landmark home  secara  indoor  dengan memberi objek lain yang menyerupai, ketahanan dalam kesalahan deteksi objek adalah 100\%, kecuali saat mendeteksi  landmark home  dengan objek gangguan persegi warna coklat ketahanan dalam kesalahan deteksi yaitu sebesar 80\%. Dari hasil pengujian navigasi robot melaksanakan misi mendekati cahaya lampu halogen dan  landing  ke  home  dapat disimpulkan bahwa rata-rata jarak robot mendekati lampu halogen berbasis   GPS   dari titik tengah media ukur adalah 86.5 cm, sedangkan rata-rata jarak robot dengan berbasis kombinasi GPS dan mesin visi pada ketiga waktu pengujian adalah 30.923 cm. Dan persentase keberhasilan robot dapat  landing  ke  Home  berbasis   GPS   adalah 10\%, sedangkan persentase keberhasilan robot dengan berbasis kombinasi GPS dan mesin visi pada ketiga waktu pengujian adalah 70\%. Hasil yang didapatkan dari pergerakan robot dengan sistem berbasis kombinasi GPS dan mesin visi untuk mendekati cahaya lampu halogen dan melakukan  landing  di dalam zona  landmark home  adalah robot dapat bernavigasi lebih akurat dibandingkan dengan navigasi robot menggunakan panduan GPS secara penuh.},
	language = {id},
	number = {2},
	urldate = {2022-06-22},
	journal = {Jurnal Ilmiah Teknik Elektro Komputer dan Informatika},
	author = {Subrata, Arsyad Cahya},
	month = dec,
	year = {2017},
	note = {Number: 2},
	pages = {110--122},
	file = {Full Text PDF:C\:\\Users\\User\\Zotero\\storage\\9YFCGGLK\\Subrata - 2017 - Automatic Landing And Waypoint System Berbasis Kom.pdf:application/pdf;Snapshot:C\:\\Users\\User\\Zotero\\storage\\5DLNJUPW\\4896.html:text/html},
}

@article{sani_automatic_2019,
	title = {Automatic landing of a low-cost quadrotor using monocular vision and {Kalman} filter in {GPS}-denied environments},
	volume = {27},
	issn = {1300-0632},
	url = {https://journals.tubitak.gov.tr/elektrik/vol27/iss3/19},
	doi = {10.3906/elk-1809-204},
	number = {3},
	journal = {Turkish Journal of Electrical Engineering and Computer Sciences},
	author = {SANI, MOHAMMAD and SHOARAN, MARYAM and KARIMIAN, GHADER},
	month = jan,
	year = {2019},
	pages = {1821--1838},
	file = {"Automatic landing of a low-cost quadrotor using monocular vision and K" by MOHAMMAD FATTAHI SANI, MARYAM SHOARAN et al.:C\:\\Users\\User\\Zotero\\storage\\P58RKHA5\\19.html:text/html;Submitted Version:C\:\\Users\\User\\Zotero\\storage\\BAG4V5HS\\SANI et al. - 2019 - Automatic landing of a low-cost quadrotor using mo.pdf:application/pdf},
}

@inproceedings{del_amo_fuzzy_2006,
	address = {Vancouver, BC, Canada},
	title = {Fuzzy {Logic} {Applications} to {Fire} {Control} {Systems}},
	isbn = {978-0-7803-9488-9},
	url = {http://ieeexplore.ieee.org/document/1681877/},
	doi = {10.1109/FUZZY.2006.1681877},
	urldate = {2022-06-04},
	booktitle = {2006 {IEEE} {International} {Conference} on {Fuzzy} {Systems}},
	publisher = {IEEE},
	author = {Del Amo, A. and Montero, J. and Gomez, D.},
	year = {2006},
	pages = {1298--1304},
}
