[1] A. S. Priambodo, F. Arifin, A. Nasuha, and A. Winursito, “Face Tracking for Flying Robot Quadcopter based on Haar Cascade Classifier and PID Controller,” J. Phys.: Conf. Ser., vol. 2111, no. 1, p. 012046, Nov. 2021, doi: 10.1088/1742-6596/2111/1/012046.
[2] H. Supriyono and A. Akhara, “Design, building and performance testing of GPS and computer vision combination for increasing landing precision of quad-copter drone,” J. Phys.: Conf. Ser., vol. 1858, no. 1, p. 012074, Apr. 2021, doi: 10.1088/1742-6596/1858/1/012074.
[3] S. Radiansyah, M. D. Kusrini, and L. B. Prasetyo, “Quadcopter applications for wildlife monitoring,” IOP Conf. Ser.: Earth Environ. Sci., vol. 54, p. 012066, Jan. 2017, doi: 10.1088/1755-1315/54/1/012066.
[4] A. S. Priambodo, F. Arifin, A. Nasuha, and A. Winursito, “Face Tracking for Flying Robot Quadcopter based on Haar Cascade Classifier and PID Controller,” J. Phys.: Conf. Ser., vol. 2111, no. 1, p. 012046, Nov. 2021, doi: 10.1088/1742-6596/2111/1/012046.
[5] E. Paiva, J. Soto, J. Salinas, and W. Ipanaque, “Modeling, simulation and implementation of a modified PID controller for stabilizing a quadcopter,” in 2016 IEEE International Conference on Automatica (ICA-ACCA), Curicó, Chile, Oct. 2016, pp. 1–6. doi: 10.1109/ICA-ACCA.2016.7778507.
[6] M. I. Nugraha, A. T. Utomo, A. Taufik, R. Tandioga, and R. Syam, “Development of Quadcopter for Tracking Object Using Image Processing,” IOP Conf. Ser.: Mater. Sci. Eng., vol. 619, no. 1, p. 012004, Oct. 2019, doi: 10.1088/1757-899X/619/1/012004.
[7] C. Liuswanto and Y. I. Jenie, “Modelling and design of flight control for quadcopter in ballistic airdrop mission under wind perturbation,” IOP Conf. Ser.: Mater. Sci. Eng., vol. 1173, no. 1, p. 012064, Aug. 2021, doi: 10.1088/1757-899X/1173/1/012064.
[8] A. Dutasatria and S. Darma, “Automatic take-off landing quadcopter control on dynamics platform,” J. Phys.: Conf. Ser., vol. 1528, no. 1, p. 012047, Apr. 2020, doi: 10.1088/1742-6596/1528/1/012047.
[9] D. Avola, L. Cinque, G. L. Foresti, C. Mercuri, and D. Pannone, “A Practical Framework for the Development of Augmented Reality Applications by using ArUco Markers:,” in Proceedings of the 5th International Conference on Pattern Recognition Applications and Methods, Rome, Italy, 2016, pp. 645–654. doi: 10.5220/0005755806450654.
[10] A. Lorenza, B. Hidayat, L. S. Alia, L. A. Nurachanta, and M. S. I. Syahputra, “Simulation Understanding Line Follower Robot C Program with Webots,” vol. 2, p. 12, 2022.
